<record><leader>00000cas a2200000 a 4500</leader><controlfield tag="001">9347398</controlfield><controlfield tag="008">830325d17971803maucr ne      0    0eng c</controlfield><datafield ind1=" " ind2=" " tag="010"><subfield code="a">sn 83020433 </subfield></datafield><datafield ind1=" " ind2=" " tag="040"><subfield code="a">NPX</subfield><subfield code="b">eng</subfield><subfield code="c">NPX</subfield><subfield code="d">NPU</subfield><subfield code="d">NPA</subfield><subfield code="d">DLC</subfield><subfield code="d">NPA</subfield><subfield code="d">YOX</subfield><subfield code="d">MGN</subfield><subfield code="d">YOX</subfield><subfield code="d">IUL</subfield><subfield code="d">MGN</subfield><subfield code="d">KNP</subfield><subfield code="d">MGN</subfield><subfield code="d">NVF</subfield><subfield code="d">MGN</subfield><subfield code="d">IUL</subfield><subfield code="d">OBN</subfield><subfield code="d">OCL</subfield><subfield code="d">CVF</subfield><subfield code="d">NYS</subfield><subfield code="d">BUF</subfield><subfield code="d">KRTAS</subfield><subfield code="d">DLC</subfield><subfield code="d">OCLCQ</subfield><subfield code="d">OCLCF</subfield><subfield code="d">OCLCA</subfield></datafield><datafield ind1=" " ind2=" " tag="042"><subfield code="a">pcc</subfield></datafield><datafield ind1=" " ind2=" " tag="043"><subfield code="a">n-us-ma</subfield></datafield><datafield ind1="0" ind2="0" tag="050"><subfield code="a">Newspaper</subfield></datafield><datafield ind1="1" ind2="4" tag="050"><subfield code="a">AN201</subfield><subfield code="b">.N46</subfield></datafield><datafield ind1="0" ind2=" " tag="130"><subfield code="a">Newburyport herald and country gazette (Newburyport, Mass. : 1797)</subfield></datafield><datafield ind1="1" ind2="4" tag="245"><subfield code="a">The Newburyport herald and country gazette.</subfield></datafield><datafield ind1=" " ind2=" " tag="260"><subfield code="a">[Newburyport, Mass.] :</subfield><subfield code="b">Barrett &amp; March,</subfield><subfield code="c">1797-1803.</subfield></datafield><datafield ind1=" " ind2=" " tag="300"><subfield code="a">6 v. ;</subfield><subfield code="c">45-51 cm.</subfield></datafield><datafield ind1=" " ind2=" " tag="310"><subfield code="a">Semiweekly</subfield></datafield><datafield ind1="0" ind2=" " tag="362"><subfield code="a">Vol. 1, no. 1 (Oct. 31, 1797)-v. 6, no. 91 (Mar. 1, 1803).</subfield></datafield><datafield ind1=" " ind2=" " tag="530"><subfield code="a">Issued on microfilm by Readex Microprint Corp. as part of the Early American newspapers series.</subfield></datafield><datafield ind1=" " ind2=" " tag="580"><subfield code="a">Formed by the union of: Political gazette, and: Impartial herald (Newburyport, Mass.).</subfield></datafield><datafield ind1=" " ind2="0" tag="651"><subfield code="a">Newburyport (Mass.)</subfield><subfield code="v">Newspapers.</subfield></datafield><datafield ind1=" " ind2="0" tag="651"><subfield code="a">Essex County (Mass.)</subfield><subfield code="v">Newspapers.</subfield></datafield><datafield ind1=" " ind2="7" tag="655"><subfield code="a">Newspapers.</subfield><subfield code="2">fast</subfield><subfield code="0">(OCoLC)fst01423814</subfield></datafield><datafield ind1=" " ind2="7" tag="651"><subfield code="a">Massachusetts</subfield><subfield code="z">Essex County.</subfield><subfield code="2">fast</subfield><subfield code="0">(OCoLC)fst01205527</subfield></datafield><datafield ind1=" " ind2="7" tag="651"><subfield code="a">Massachusetts</subfield><subfield code="z">Newburyport.</subfield><subfield code="2">fast</subfield><subfield code="0">(OCoLC)fst01215824</subfield></datafield><datafield ind1=" " ind2=" " tag="752"><subfield code="a">United States</subfield><subfield code="b">Massachusetts</subfield><subfield code="c">Essex</subfield><subfield code="d">Newburyport.</subfield></datafield><datafield ind1="1" ind2="4" tag="780"><subfield code="t">Political gazette</subfield><subfield code="w">(DLC)sn 83020431</subfield><subfield code="w">(OCoLC)9346360</subfield></datafield><datafield ind1="1" ind2="4" tag="780"><subfield code="t">Impartial herald (Newburyport, Mass.)</subfield><subfield code="w">(DLC)sn 83020432</subfield><subfield code="w">(OCoLC)9346472</subfield></datafield><datafield ind1="0" ind2="5" tag="780"><subfield code="t">American intelligencer and general advertiser</subfield><subfield code="w">(DLC)sn 94055769</subfield><subfield code="w">(OCoLC)30679571</subfield></datafield><datafield ind1="0" ind2="0" tag="785"><subfield code="t">Newburyport herald (Newburyport, Mass. : 1803)</subfield><subfield code="w">(DLC)sn 83020434</subfield><subfield code="w">(OCoLC)9347450</subfield></datafield><datafield ind1=" " ind2=" " tag="938"><subfield code="a">Kirtas Technologies, Inc.</subfield><subfield code="b">KRTS</subfield><subfield code="n">736339</subfield></datafield></record>